<?xml version="1.0" encoding="UTF-8" ?>
<collection xmlns:xsi="http://www.w3.org/2001/XMLSchema-instance"
    xsi:schemaLocation="http://www.loc.gov/MARC21/slim
        http://www.loc.gov/standards/marcxml/schema/MARC21slim.xsd"
    xmlns="http://www.loc.gov/MARC21/slim">
<record>
  <leader>00227cam a2200421 ia4500</leader>
  <controlfield tag="001">b12334728</controlfield>
  <controlfield tag="003">LeBAU</controlfield>
  <controlfield tag="005">20140218</controlfield>
  <controlfield tag="008">970203s1927    ua       b    ||0 0 ara d</controlfield>
  <datafield tag="035" ind1=" " ind2=" ">
    <subfield code="a">ocn784210316</subfield>
  </datafield>
  <datafield tag="040" ind1=" " ind2=" ">
    <subfield code="a">LEAUB</subfield>
    <subfield code="b">ara</subfield>
    <subfield code="e">rda</subfield>
    <subfield code="c">LEAUB</subfield>
    <subfield code="d">LEAUB</subfield>
  </datafield>
  <datafield tag="082" ind1="0" ind2="4">
    <subfield code="a">297.08</subfield>
    <subfield code="2">20</subfield>
  </datafield>
  <datafield tag="100" ind1="1" ind2=" ">
    <subfield code="6">880-01</subfield>
    <subfield code="a">Ibn al-Daybaʻ, ʻAbd al-Raḥmān ibn ʻAlī,</subfield>
    <subfield code="d">1461-1537,</subfield>
    <subfield code="e">author.</subfield>
  </datafield>
  <datafield tag="245" ind1="1" ind2="0">
    <subfield code="6">880-02</subfield>
    <subfield code="a">Taysīr al-wuṣūl ilá jāmi‘ al-‘uṣūl min ḥadīth al-Raṣūl :</subfield>
    <subfield code="b">ikhtaṣara bi-hi Jāmi‘ al-Uṣūl li-Aḥādth al-Rasūl li-Abī al-Sa‘ādāt Muḥammad ibn Muḥammad ibn ‘Abd al-Karīm ibn al-Athīr al-Jazarī al-mutawaffá sanat 606 /</subfield>
    <subfield code="c">ta’līf al-‘allāmah al-muḥaddith ‘Abd al-Raḥmān ibn ‘Alī al-ma‘rūf bi-ibn al-Dayba‘ al-Shībānī al-Zubaydī al-Shāfi‘ī al-mutawaffá sanat 944 ; ‘uniya bi-taṣḥīḥih wa-muqābalatihi ‘alá al-‘uṣūl al-sittah wa-al-ta‘līq ‘alayhi Muḥammad Ḥāmid al-Fiqī, min ‘ulamā’ al-Azhar al-Sharīf.</subfield>
  </datafield>
  <datafield tag="264" ind1=" " ind2="1">
    <subfield code="6">880-03</subfield>
    <subfield code="a">Miṣr :</subfield>
    <subfield code="b">al-Maṭba‘ah al-Salafīyah,</subfield>
    <subfield code="c">1346 [H.], [1927? M.]</subfield>
  </datafield>
  <datafield tag="300" ind1=" " ind2=" ">
    <subfield code="6">880-04</subfield>
    <subfield code="a">4 volumes ;</subfield>
    <subfield code="c">25 cm</subfield>
  </datafield>
  <datafield tag="336" ind1=" " ind2=" ">
    <subfield code="a">text</subfield>
    <subfield code="b">txt</subfield>
    <subfield code="2">rdacontent</subfield>
  </datafield>
  <datafield tag="337" ind1=" " ind2=" ">
    <subfield code="a">unmediated</subfield>
    <subfield code="b">n</subfield>
    <subfield code="2">rdamedia</subfield>
  </datafield>
  <datafield tag="338" ind1=" " ind2=" ">
    <subfield code="a">volume</subfield>
    <subfield code="b">nc</subfield>
    <subfield code="2">rdacarrier</subfield>
  </datafield>
  <datafield tag="504" ind1=" " ind2=" ">
    <subfield code="a">يتضمن مراجع ببليوغرافية.</subfield>
  </datafield>
  <datafield tag="600" ind1="1" ind2="4">
    <subfield code="a">ابن الاثير، مجد الدين المبارك بن محمد،</subfield>
    <subfield code="d">1149-1209.</subfield>
    <subfield code="t">جامع الأصول لأحاديث الرسول.</subfield>
  </datafield>
  <datafield tag="600" ind1="1" ind2="0">
    <subfield code="a">Ibn al-Athīr, Majd al-Dīn al-Mubārak ibn Muḥammad,</subfield>
    <subfield code="d">1149-1209.</subfield>
    <subfield code="t">Jāmi‘ al-uṣūl li-aḥādīth al-Rasūl.</subfield>
  </datafield>
  <datafield tag="650" ind1=" " ind2="4">
    <subfield code="a">الحديث</subfield>
    <subfield code="x">نصوص</subfield>
    <subfield code="v">اعمال قديمة حتى 1800.</subfield>
  </datafield>
  <datafield tag="650" ind1=" " ind2="0">
    <subfield code="a">Hadith</subfield>
    <subfield code="v">Texts</subfield>
    <subfield code="v">Early works to 1800.</subfield>
  </datafield>
  <datafield tag="700" ind1="1" ind2=" ">
    <subfield code="6">880-05</subfield>
    <subfield code="a">Fiqī, Muḥammad Ḥāmid,</subfield>
    <subfield code="e">compiler.</subfield>
  </datafield>
  <datafield tag="852" ind1=" " ind2=" ">
    <subfield code="a">Jafet Library</subfield>
    <subfield code="e">American University of Beirut, Bliss Street , Beirut, Lebanon.</subfield>
  </datafield>
  <datafield tag="880" ind1="1" ind2=" ">
    <subfield code="6">100-01/(3/r</subfield>
    <subfield code="a">إبن الديبع، عبد الرحمن بن علي،</subfield>
    <subfield code="d">1461-1537،</subfield>
    <subfield code="e">مؤلف. </subfield>
    <subfield code="4">aut.</subfield>
  </datafield>
  <datafield tag="880" ind1="1" ind2="0">
    <subfield code="6">245-02/(3/r</subfield>
    <subfield code="a">تيسير الوصول إلى جامع الأصول من حديث الرسول :</subfield>
    <subfield code="b">إختصر به جامع الأصول لأحاديث الرسول لأبي السعادات محمد بن محمد بن عبد الكريم بن الأثير الجزري المتوفى سنة 606 /</subfield>
    <subfield code="c">تأليف العلامة المحدث عبد الرحمن بن علي المعروف بإبن الديبع الشيباني الزبيدي الشافعي المتوفى سنة 944 ؛ عني بتصحيحه ومقابلته على الأصول الستة والتعليق عليه محمد حامد الفقي، من علماء الأزهر الشريف.</subfield>
  </datafield>
  <datafield tag="880" ind1=" " ind2="1">
    <subfield code="6">264-03/(3/r</subfield>
    <subfield code="a">مصر :</subfield>
    <subfield code="b">المطبعة السلفية،</subfield>
    <subfield code="c">1346 [هـ.]، [1927؟ م.]</subfield>
  </datafield>
  <datafield tag="880" ind1=" " ind2=" ">
    <subfield code="6">300-04/(3/r</subfield>
    <subfield code="a">4 أجزاء ؛</subfield>
    <subfield code="c">25 سم</subfield>
  </datafield>
  <datafield tag="880" ind1="1" ind2=" ">
    <subfield code="6">700-05/(3/r</subfield>
    <subfield code="a">الفقي، محمد حامد،</subfield>
    <subfield code="e">معد. </subfield>
    <subfield code="4">com.</subfield>
  </datafield>
  <datafield tag="907" ind1=" " ind2=" ">
    <subfield code="a">.b12334728</subfield>
    <subfield code="b">16-12-02</subfield>
    <subfield code="c">11-05-24</subfield>
  </datafield>
  <datafield tag="907" ind1=" " ind2=" ">
    <subfield code="a">.b12334728</subfield>
    <subfield code="b">15-10-15</subfield>
    <subfield code="c">11-05-24</subfield>
  </datafield>
  <datafield tag="945" ind1=" " ind2=" ">
    <subfield code="f">J</subfield>
    <subfield code="a">297.08:I131jaA:v.1</subfield>
    <subfield code="g">1</subfield>
    <subfield code="i">00500630</subfield>
    <subfield code="j">.i12767876</subfield>
    <subfield code="l">u0503</subfield>
  </datafield>
  <datafield tag="945" ind1=" " ind2=" ">
    <subfield code="f">J</subfield>
    <subfield code="a">297.08:I131jaA:v.3</subfield>
    <subfield code="g">1</subfield>
    <subfield code="i">00500632</subfield>
    <subfield code="j">.i12767888</subfield>
    <subfield code="l">u0503</subfield>
  </datafield>
  <datafield tag="945" ind1=" " ind2=" ">
    <subfield code="f">J</subfield>
    <subfield code="a">297.08:I131jaA:v.4</subfield>
    <subfield code="g">1</subfield>
    <subfield code="i">00500633</subfield>
    <subfield code="j">.i20116305</subfield>
    <subfield code="l">u0503</subfield>
  </datafield>
  <datafield tag="945" ind1=" " ind2=" ">
    <subfield code="f">J</subfield>
    <subfield code="a">297.08:I131jaA:v.2</subfield>
    <subfield code="g">1</subfield>
    <subfield code="i">00500631</subfield>
    <subfield code="j">.i20116317</subfield>
    <subfield code="l">u0503</subfield>
  </datafield>
  <datafield tag="998" ind1=" " ind2=" ">
    <subfield code="a">u05</subfield>
    <subfield code="b">97-02-03</subfield>
    <subfield code="c">m</subfield>
    <subfield code="d">a</subfield>
    <subfield code="e">-</subfield>
    <subfield code="f">ara</subfield>
    <subfield code="g">ua </subfield>
    <subfield code="h">0</subfield>
    <subfield code="i">2</subfield>
  </datafield>
</record>
</collection>
